<record><leader>00000cas a22000007a 4500</leader><controlfield tag="001">31026470</controlfield><controlfield tag="008">940829d18941894okuwr ne      0    0eng d</controlfield><datafield ind1=" " ind2=" " tag="010"><subfield code="a">sn 94058963 </subfield></datafield><datafield ind1=" " ind2=" " tag="040"><subfield code="a">OBN</subfield><subfield code="b">eng</subfield><subfield code="c">OBN</subfield><subfield code="d">OCL</subfield><subfield code="d">OCLCQ</subfield><subfield code="d">OCLCF</subfield><subfield code="d">OCLCO</subfield></datafield><datafield ind1="1" ind2=" " tag="029"><subfield code="a">AU@</subfield><subfield code="b">000011276907</subfield></datafield><datafield ind1=" " ind2=" " tag="042"><subfield code="a">msc</subfield></datafield><datafield ind1=" " ind2=" " tag="043"><subfield code="a">n-us-ok</subfield></datafield><datafield ind1="0" ind2="0" tag="245"><subfield code="a">Medford mascot.</subfield></datafield><datafield ind1=" " ind2=" " tag="260"><subfield code="a">Medford, O.T. [Okla.] :</subfield><subfield code="b">M. Howard</subfield></datafield><datafield ind1=" " ind2=" " tag="300"><subfield code="a">v.</subfield></datafield><datafield ind1=" " ind2=" " tag="310"><subfield code="a">Weekly</subfield></datafield><datafield ind1="0" ind2=" " tag="362"><subfield code="a">Vol. 1, no. 18 (Feb. 2, 1894)-v. 2, no. 7 (Nov. 15, 1894).</subfield></datafield><datafield ind1=" " ind2="0" tag="650"><subfield code="a">Populism</subfield><subfield code="z">Oklahoma</subfield><subfield code="v">Newspapers.</subfield></datafield><datafield ind1=" " ind2="0" tag="651"><subfield code="a">Medford (Okla.)</subfield><subfield code="v">Newspapers.</subfield></datafield><datafield ind1=" " ind2="0" tag="651"><subfield code="a">Grant County (Okla.)</subfield><subfield code="v">Newspapers.</subfield></datafield><datafield ind1=" " ind2="7" tag="655"><subfield code="a">Newspapers.</subfield><subfield code="2">fast</subfield><subfield code="0">(OCoLC)fst01423814</subfield></datafield><datafield ind1=" " ind2="7" tag="650"><subfield code="a">Populism.</subfield><subfield code="2">fast</subfield><subfield code="0">(OCoLC)fst01071658</subfield></datafield><datafield ind1=" " ind2="7" tag="651"><subfield code="a">Oklahoma.</subfield><subfield code="2">fast</subfield><subfield code="0">(OCoLC)fst01205031</subfield></datafield><datafield ind1=" " ind2="7" tag="651"><subfield code="a">Oklahoma</subfield><subfield code="z">Grant County.</subfield><subfield code="2">fast</subfield><subfield code="0">(OCoLC)fst01215793</subfield></datafield><datafield ind1=" " ind2="7" tag="651"><subfield code="a">Oklahoma</subfield><subfield code="z">Medford.</subfield><subfield code="2">fast</subfield><subfield code="0">(OCoLC)fst01227070</subfield></datafield><datafield ind1=" " ind2=" " tag="752"><subfield code="a">United States</subfield><subfield code="b">Oklahoma</subfield><subfield code="c">Grant</subfield><subfield code="d">Medford.</subfield></datafield><datafield ind1="0" ind2="0" tag="780"><subfield code="t">Medford monitor</subfield><subfield code="w">(DLC)sn 94058962</subfield><subfield code="w">(OCoLC)31026417</subfield></datafield><datafield ind1="0" ind2="4" tag="785"><subfield code="t">People's leader (Pond Creek, Okla.)</subfield></datafield></record>